%% This BibTeX bibliography file was created using BibDesk.
%% http://bibdesk.sourceforge.net/


%% Created for Saunders, Zachary - 0336 - MITLL at 2016-02-25 13:39:15 -0500 


%% Saved with string encoding Unicode (UTF-8) 



@inproceedings{MHT-LP,
	Author = {Carthel, Craig and Coraluppi, Stefano},
	Booktitle = {Fusion 2004: Seventh International Conference on Information Fusion},
	Date-Added = {2016-02-24 06:07:27 +0000},
	Date-Modified = {2016-02-24 06:07:44 +0000},
	Title = {Multi-Hypothesis Sonar Tracking},
	Year = {2004}}

@article{MHT-IP,
	Author = {Morefield, C.L.},
	Date-Added = {2016-02-24 05:59:16 +0000},
	Date-Modified = {2016-02-25 00:02:18 +0000},
	Doi = {10.1109/TAC.1977.1101500},
	Issn = {0018-9286},
	Journal = {Automatic Control, IEEE Transactions on},
	Keywords = {Integer programming;Pattern classification;Tracking;Aerospace control;Air traffic control;Aircraft;Linear programming;Marine vehicles;Pattern recognition;Radar tracking;Target tracking;Testing;Trajectory},
	Month = {Jun},
	Number = {3},
	Pages = {302-312},
	Title = {Application of 0-1 integer programming to multitarget tracking problems},
	Volume = {22},
	Year = {1977},
	Bdsk-Url-1 = {http://dx.doi.org/10.1109/TAC.1977.1101500}}

@article{MHT-Seminal,
	Author = {Reid, D.B.},
	Date-Added = {2016-02-24 05:31:22 +0000},
	Date-Modified = {2016-02-25 18:18:50 +0000},
	Doi = {10.1109/TAC.1979.1102177},
	Issn = {0018-9286},
	Journal = {Automatic Control, IEEE Transactions on},
	Keywords = {Bayes procedures;Tracking;Air traffic control;Clustering algorithms;Land vehicles;Marine vehicles;Military aircraft;Probability;Radar detection;Radar tracking;Sea measurements;Target tracking},
	Month = {Dec},
	Number = {6},
	Pages = {843-854},
	Title = {An algorithm for tracking multiple targets},
	Volume = {24},
	Year = {1979},
	Bdsk-Url-1 = {http://dx.doi.org/10.1109/TAC.1979.1102177}}

@article{Lagrangian,
	Author = {Aubrey P. Poore and Nenad Rijavec},
	Date-Added = {2016-02-19 05:57:18 +0000},
	Date-Modified = {2016-02-19 05:57:28 +0000},
	Doi = {10.1137/0803027},
	Eprint = {http://dx.doi.org/10.1137/0803027},
	Journal = {SIAM Journal on Optimization},
	Number = {3},
	Pages = {544-563},
	Read = {0},
	Title = {A Lagrangian Relaxation Algorithm for Multidimensional Assignment Problems Arising from Multitarget Tracking},
	Url = {http://dx.doi.org/10.1137/0803027},
	Volume = {3},
	Year = {1993},
	Bdsk-Url-1 = {http://dx.doi.org/10.1137/0803027}}

@article{MTT-Taxonomy,
	Author = {Pulford, G.W.},
	Date-Added = {2016-02-19 02:46:38 +0000},
	Date-Modified = {2016-02-19 05:32:21 +0000},
	Doi = {10.1049/ip-rsn:20045064},
	Issn = {1350-2395},
	Journal = {Radar, Sonar and Navigation, IEE Proceedings -},
	Keywords = {computational complexity;estimation theory;filtering theory;probability;reviews;target tracking;classical estimation theoretic algorithm;complexity scaling;data association mechanism;filtering theory;multiple target tracking methods;processing scheme;subjective performance figure;taxonomy},
	Month = {October},
	Number = {5},
	Pages = {291-304},
	Read = {1},
	Title = {Taxonomy of multiple target tracking methods},
	Volume = {152},
	Year = {2005},
	Bdsk-Url-1 = {http://dx.doi.org/10.1049/ip-rsn:20045064}}

@article{MHT-Overview,
	Author = {Blackman, S.S.},
	Date-Added = {2016-02-18 22:15:00 +0000},
	Date-Modified = {2016-02-25 18:18:33 +0000},
	Doi = {10.1109/MAES.2004.1263228},
	Issn = {0885-8985},
	Journal = {Aerospace and Electronic Systems Magazine, IEEE},
	Keywords = {Kalman filters;covariance matrices;military radar;reviews;sensor fusion;target tracking;tracking filters;Gaussian mixture;Kalman filter;alternative implementations;data association problem;global nearest neighbor;interacting multiple model method;missile defense systems;multiple filter models;multiple hypothesis tracking;multiple target tracking systems;surveillance systems;Filters;Infrared sensors;Nearest neighbor searches;Radar clutter;Radar measurements;Radar tracking;Research and development;Sensor systems;Surveillance;Target tracking},
	Month = {{Jan}},
	Number = {1},
	Pages = {5-18},
	Read = {1},
	Title = {Multiple hypothesis tracking for multiple target tracking},
	Volume = {19},
	Year = {2004},
	Bdsk-Url-1 = {http://ieeexplore.ieee.org/stamp/stamp.jsp?tp=&arnumber=1263228}}

@inproceedings{Continuous_energy,
	Author = {Anton Andriyenko and Konrad Schindler},
	Booktitle = {Computer Vision and Pattern Recognition (CVPR)},
	Title = {Multi-target Tracking by Continuous Energy Minimization},
	Year = {2011}
}

@inproceedings{Discrete-Continuous_energy,
	Author = {Andriyenko, A. and Schindler, K. and Roth, S.},
	Booktitle = {Computer Vision and Pattern Recognition (CVPR), 2012 IEEE Conference on},
	Date-Added = {2016-02-16 19:19:51 +0000},
	Date-Modified = {2016-02-19 02:47:08 +0000},
	Doi = {10.1109/CVPR.2012.6247893},
	Issn = {1063-6919},
	Keywords = {optimisation;sensor fusion;target tracking;continuous fitting problem;data association;discrete optimization;discrete problem;discrete-continuous optimization;image observations;label costs;multimodel fitting;multitarget tracking;simple closed-form solution;trajectory estimation;Estimation;Labeling;Optimization;Splines (mathematics);Target tracking;Trajectory},
	Month = {June},
	Pages = {1926-1933},
	Read = {1},
	Title = {Discrete-continuous optimization for multi-target tracking},
	Year = {2012},
	Bdsk-Url-1 = {http://dx.doi.org/10.1109/CVPR.2012.6247893}}

@misc{Gurobi-Benchmark,
	Author = {Gurobi Optimization, Inc.},
	Date-Modified = {2016-02-24 05:50:05 +0000},
	Read = {1},
	Title = {Gurobi 6.5 Performance Benchmarks},
	Howpublished = "\url{http://www.gurobi.com/pdfs/benchmarks.pdf}",
	Year = {2015},
	note = "Accessed 4 April 2016s",
	Bdsk-Url-1 = {http://www.gurobi.com/pdfs/benchmarks.pdf}}

@misc{Gurobi-MIP,
	Author = {Bixby, Robert E.},
	Date-Modified = {2016-02-24 05:50:11 +0000},
	Read = {1},
	Title = {Mixed-Integer Programming: It works better than you may think},
	Howpublished = "\url{http://www.ferc.gov/CalendarFiles/20100609110044-Bixby,%20Gurobi%20Optimization.pdf}",
	Year = {2010},
	note = "Accessed 4 April 2016s",
	Bdsk-Url-1 = {http://www.ferc.gov/CalendarFiles/20100609110044-Bixby,%20Gurobi%20Optimization.pdf}}

@book{GNN,
	Author = {Blackman, S.S.},
	Isbn = {9780890061794},
	Lccn = {lc85073389},
	Publisher = {Artech House},
	Series = {Radar Library},
	Title = {Multiple-target Tracking with Radar Applications},
	Url = {https://books.google.com/books?id=Ag9TAAAAMAAJ},
	Year = {1986},
	Bdsk-Url-1 = {https://books.google.com/books?id=Ag9TAAAAMAAJ}}

@article{Kalman,
	Author = {Kalman, Rudolph Emil},
	Journal = {Transactions of the ASME--Journal of Basic Engineering},
	Number = {Series D},
	Pages = {35--45},
	Title = {A New Approach to Linear Filtering and Prediction Problems},
	Volume = {82},
	Year = {1960}}

@article{JuMP,
	author = {Miles Lubin and Iain Dunning},
	title = {Computing in Operations Research Using Julia},
	journal = {INFORMS Journal on Computing},
	volume = {27},
	number = {2},
	pages = {238-248},
	year = {2015},
	doi = {10.1287/ijoc.2014.0623},
	URL = {http://dx.doi.org/10.1287/ijoc.2014.0623}}

@misc{gurobi,
   author = "Gurobi Optimization, Inc.",
   title = "Gurobi Optimizer Reference Manual",
   year = 2015,
   url = "http://www.gurobi.com"}

@article{julia,
	Author = {N. Jakovcevic Stor and I. Slapnicar and J. L. Barlow},
	Title = {Accurate eigenvalue decomposition of real symmetric arrowhead matrices and applications},
	Journal = {Linear Algebra and Its Applications},
	Volume = {464},
	Pages = {62-89},
	Year = {2015},
	Doi = {10.1016/j.laa.2013.10.007},
	URL = {http://www.sciencedirect.com/science/article/pii/S0024379513006265}}

@article{LLGrid,
	Author = {Nadya Bliss and Robert Bond and Jeremy Kepner and Hahn Kim and Albert Reuther},
	Title={Interactive Grid Computing at Lincoln Laboratory},
	Journal={MIT Lincoln Laboratory Journal},
	Volume={16},
	Number={1}, 
	Year={2006}}

@book{RSS-Matrix,
  title={Econometric Methods with Applications in Business and Economics},
  author={Heij, C. and de Boer, P. and Franses, P.H. and Kloek, T. and van Dijk, H.K. and Rotterdam, A.E.U.},
  isbn={9780191608407},
  url={https://books.google.com/books?id=PJf6GUAavhAC},
  year={2004},
  publisher={OUP Oxford}}

@ARTICLE{MTT-Performance, 
	author={B. Ristic and B. N. Vo and D. Clark and B. T. Vo}, 
	journal={IEEE Transactions on Signal Processing}, 
	title={A Metric for Performance Evaluation of Multi-Target Tracking Algorithms}, 
	year={2011}, 
	volume={59}, 
	number={7}, 
	pages={3452-3457}, 
	keywords={distance measurement;filtering theory;optimisation;set theory;state estimation;target tracking;OSPA metric;distance measurement;finite vector sets;ground truth track;labeled temporal sequence;multitarget filter;multitarget tracking algorithm;parameter optimization;performance evaluation;state estimation;Algorithm design and analysis;Australia;Electronic mail;Performance evaluation;Signal processing algorithms;Target tracking;Estimation;performance evaluation;tracking}, 
	doi={10.1109/TSP.2011.2140111}, 
	ISSN={1053-587X}, 
	month={July}}

@book{Bar-Shalom_MTT,
  title={Multitarget-multisensor Tracking: Principles and Techniques},
  author={Bar-Shalom, Y. and Li, X.R.},
  isbn={9780964831209},
  url={https://books.google.com/books?id=GfOoMQEACAAJ},
  year={1995},
  publisher={Yaakov Bar-Shalom}
}


@book{Bar-Shalom_Estimation,
 author = {Bar-Shalom, Yaakov and Li, Xiao-Rong},
 title = {Estimation with Applications to Tracking and Navigation},
 year = {2001},
 isbn = {047141655X},
 publisher = {John Wiley \& Sons, Inc.},
 address = {New York, NY, USA},
} 

@book{Computation,
Author = {Andrea Lodi},
Title = {50 Years of Integer Programming 1958-2008.From the Early Years to the State-of-the-Art},
Chapter = {16},
Pages = {619-645},
Year = {2010},
ISBN = {978-3-540-68279-0},
Publisher = {Springer Berlin Heidelberg},
Editor = {Michael JÃ¼nger and Thomas M. Liebling and Denis Naddef and George L. Nemhauser and William R. Pulleyblank and Gerhard Reinelt and Giovanni Rinaldi and Laurence A. Wolsey}}


@ARTICLE{Viterbi-1, 
author={J. K. Wolf and A. M. Viterbi and G. S. Dixon}, 
journal={IEEE Transactions on Aerospace and Electronic Systems}, 
title={Finding the best set of K paths through a trellis with application to multitarget tracking}, 
year={1989}, 
volume={25}, 
number={2}, 
pages={287-296}, 
keywords={measurement errors;radar systems;radar theory;tracking systems;K paths;Viterbi algorithm;false alarms;measurement errors;multitarget radar system;multitarget tracking;simplified model;trellis;Additives;Cost function;Measurement errors;Radar applications;Radar detection;Radar measurements;Radar tracking;Target tracking;Topology;Viterbi algorithm}, 
doi={10.1109/7.18692}, 
ISSN={0018-9251}, 
month={Mar}}

@ARTICLE{Viterbi-2, 
author={D. Castanon}, 
journal={IEEE Transactions on Aerospace and Electronic Systems}, 
title={Efficient algorithms for finding the K best paths through a trellis}, 
year={1990}, 
volume={26}, 
number={2}, 
pages={405-410}, 
keywords={radar clutter;radar theory;signal detection;telecommunications computing;tracking;K best paths;K-path trellis;N nodes;equivalent minimum-cost network flow;false alarms;fixed-precision computation;multiobject tracking;radar tracking;targets;transformation;worst-case computation time;Clutter;Costs;Leg;Radar tracking;Size measurement;Target tracking;Viterbi algorithm}, 
doi={10.1109/7.53448}, 
ISSN={0018-9251}, 
month={Mar}}

@INPROCEEDINGS{Viterbi-3, 
author={R. Perry and A. Vaddiraju and K. Buckley}, 
booktitle={Signals, Systems amp; Computers, 1998. Conference Record of the Thirty-Second Asilomar Conference on}, 
title={Multitarget list Viterbi tracking algorithm}, 
year={1998}, 
volume={1}, 
pages={436-440 vol.1}, 
keywords={radar tracking;sensor fusion;target tracking;computation cost;data fusion;false alarms;location measurements;missed detections;multiple tracks;multitarget list Viterbi tracking algorithm;performance cost functions;track initiation;trellis diagram;Bayesian methods;Computational efficiency;Cost function;Radar detection;Radar tracking;Signal processing algorithms;Target tracking;Technological innovation;Time measurement;Viterbi algorithm}, 
doi={10.1109/ACSSC.1998.750901}, 
ISSN={1058-6393}, 
month={Nov}}

@misc{CPlEX-Benchmark,
	Author = {George Nemhauser},
	Title = {Integer Programming: Global Impact},
	howpublished = "\url{https://smartech.gatech.edu/bitstream/handle/1853/49829/presentation.pdf}",
	Year = {2013},
	note = "Accessed 4 April 2016"}

@misc{supercomputer,
  author={Top500{\ }Supercomputer{\ }Sites},
  title={Performance Development},
  howpublished = "\url{http://www.top500.org/statistics/perfdevel/}",
  year={2015},
  urldate={2015-9-4},
  note = "Accessed 4 April 2016"}

 @article{Dunn,
  title={Optimal Trees},
  author={Bertsimas, Dimitris and Dunn, Jack},
  year={2015},
  journal={Submitted for publication}}

